<record><leader>00000cas a22000007a 4500</leader><controlfield tag="001">11380212</controlfield><controlfield tag="008">841113d18411862nhuwr ne      0    0eng d</controlfield><datafield ind1=" " ind2=" " tag="010"><subfield code="a">sn 84027630 </subfield></datafield><datafield ind1=" " ind2=" " tag="040"><subfield code="a">NPU</subfield><subfield code="b">eng</subfield><subfield code="c">NPU</subfield><subfield code="d">PPM</subfield><subfield code="d">NVH</subfield><subfield code="d">MGN</subfield><subfield code="d">UBY</subfield><subfield code="d">OCLCQ</subfield><subfield code="d">OCLCO</subfield><subfield code="d">OCLCF</subfield></datafield><datafield ind1=" " ind2=" " tag="042"><subfield code="a">msc</subfield></datafield><datafield ind1=" " ind2=" " tag="043"><subfield code="a">n-us-nh</subfield></datafield><datafield ind1="0" ind2=" " tag="130"><subfield code="a">Congregational journal (Concord, N.H.)</subfield></datafield><datafield ind1="1" ind2="0" tag="245"><subfield code="a">Congregational journal.</subfield></datafield><datafield ind1=" " ind2=" " tag="260"><subfield code="a">Concord, N.H. :</subfield><subfield code="b">Henry Wood</subfield></datafield><datafield ind1=" " ind2=" " tag="300"><subfield code="a">v.</subfield></datafield><datafield ind1=" " ind2=" " tag="310"><subfield code="a">Weekly</subfield></datafield><datafield ind1="0" ind2=" " tag="362"><subfield code="a">Vol. 1, no. 1 (Jan. 1, 1841)- ; -v. 44, no. 2293 (Dec. 25, 1862).</subfield></datafield><datafield ind1=" " ind2=" " tag="515"><subfield code="a">Vol. numbering irregular.</subfield></datafield><datafield ind1=" " ind2="0" tag="651"><subfield code="a">Concord (N.H.)</subfield><subfield code="v">Newspapers.</subfield></datafield><datafield ind1=" " ind2="7" tag="655"><subfield code="a">Newspapers.</subfield><subfield code="2">fast</subfield><subfield code="0">(OCoLC)fst01423814</subfield></datafield><datafield ind1=" " ind2="7" tag="651"><subfield code="a">New Hampshire</subfield><subfield code="z">Concord.</subfield><subfield code="2">fast</subfield><subfield code="0">(OCoLC)fst01205752</subfield></datafield><datafield ind1=" " ind2=" " tag="752"><subfield code="a">United States</subfield><subfield code="b">New Hampshire</subfield><subfield code="c">Merrimack</subfield><subfield code="d">Concord.</subfield></datafield><datafield ind1="0" ind2="0" tag="780"><subfield code="t">Christian panoply</subfield><subfield code="w">(DLC)sn 84020466</subfield></datafield></record>